@conference{zhao16,
	author={Q. Zhao and J.T. Price and S. Pizer and M. Niethammer and R. Alterovitz and J. Rosenman},
	title={The Endoscopogram: a 3{D} Model Reconstructed from Endoscopic Video Frames},
	booktitle={to Appear in MICCAI},
	year={2016},
}

@conference{rui16,
	author={W. Rui and  et. al. },
	title={Improving 3{D} Surface Reconstruction from Endoscopic Video via Fusion and Refined Reflectance Modeling},
	booktitle={under review},
	year={2016},
}

@conference{price16,
	author={J.T. Price and  et. al. },
	title={Shape from Motion and Shading in Uncontrolled Environments},
	booktitle={Under review. Preliminary draft available at http://cs.unc.edu/},
	year={2016},
}

@conference{price16,
	author={W. Rui and  et. al. },
	title={Improving 3{D} Surface Reconstruction from Endoscopic Video via Fusion and Refined Reflectance Modeling},
	booktitle={under review},
	year={2016},
}

@conference{armin2015,
	author={M. Armin and H. Visser and G. Chetty and C. Dumas and D. Conlan and F. Grimpen and O. Salvado  },
	title={Visibility Map: A New Method in Evaluation Quality of Optical Colonoscopy},
	booktitle={MICCAI},
	year={2015},
    pages = {396-404},
}

@Article{hong2014,
    author = {D. Hong and W. Tavanapong and J. Wong and J. Oh and P. C. de Groen},
	title = {3{D} Reconstruction of virtual colon structures from colonoscopy images},
    journal = {Computerized Medical Imaging and Graphics},
    volume = {38},
    number = {1},	
	year = {2014},
	pages = {22-23},
}

@Article{MH2013,
    author = {L. Maier-Hein and P. Mountney and A. Bartoli and H. Elhawary and D. Elson and A. Groch and A. Kolb and M. Rodrigues and J. Sorger and S. Speidel and D. Stoyanov},
	title = {Optical techniques for 3{D} surface reconstruction in computer-assisted laparoscopic surgery},
    journal = {Medical Image Analysis},
    volume = {17},
    number = {8},	
	year = {2013},
	pages = {974-996},
}

@conference{ahmed2006,
	author={A. H. Ahmed and A. A. Farag},
	title={A new formulation for shape from shading for non-lambertian surfaces},
	booktitle={CVPR},
	year={2006},
}

@conference{schonberger2016,
	author={J. L. Sch{\"o}nberger and J.-M. Frahm},
	title={Structure-from-motion revisited},
	booktitle={CVPR},
	year={2016},
}

@conference{liu2015,
	author={Fayao Liu and Chunhua Shen and Guosheng Lin},
	title={Deep Convolutional Neural Fields for Depth Estimation From a Single Image},
	booktitle={CVPR},
	year={2015},
	pages = {5162-5170},
}

@conference{rematas2016,
	author={Konstantinos Rematas and Tobias Ritschel and Mario Fritz and Efstratios Gavves and Tinne Tuytelaars},
	title={Deep Reﬂectance Maps},
	booktitle={CVPR},
	year={2016},
}

@conference{zhao2014,
	author={Qingyu Zhao and Stephen Pizer and Marc Niethammer and Julian Rosenman},
	title={Geometric-feature-based spectral graph matching in pharyngeal surface registration},
	booktitle={MICCAI},
    series = {LNCS},
    editor = {Polina Golland and Nobuhiko Hata and Christian Barillot and Joachim Hornegger and Robert Howe},
    publisher = {Springer International Publishing},
    volume = {8673},
	year={2014},
    pages = {259-266},
}

@conference{zhao2015,
	author={Qingyu Zhao and James True Price and Stephen Pizer and Marc Niethammer and Ron Alterovitz and Julian Rosenman},
	title={Surface registration in the presence of Topology changes and Missing patches},
	booktitle={Medical Image Understanding and Analysis},
	year={2015},
    pages = {8-13},
}


